@article{qian2014nonisothermal,
  title={A nonisothermal fluid-structure interaction analysis on the piston/cylinder interface leakage of high-pressure fuel pump},
  author={Qian, Dexing and Liao, Ridong},
  journal={Journal of Tribology},
  volume={136},
  number={2},
  pages={021704},
  year={2014},
  publisher={American Society of Mechanical Engineers}
}
@article{qian2015theoretical,
  title={Theoretical analysis and mathematical modelling of a high-pressure pump in the common rail injection system for diesel engines},
  author={Qian, Dexing and Liao, Ridong},
  journal={Proceedings of the Institution of Mechanical Engineers, Part A: Journal of Power and Energy},
  volume={229},
  number={1},
  pages={60--72},
  year={2015},
  publisher={SAGE Publications Sage UK: London, England}
}
@article{wang1988calculate,
  title={提高柴油机燃油喷射过程模拟精度的一种计算方法},
  author={汪辅仁 and 李克 and 王良璧},
  journal={内燃机学报},
  volume={6},
  number={3},
  year={1988}
}
@article{fan2017gonge,
  title={高压共轨系统高压油泵容积效率研究},
  author={范立云 and 董晓露 and 白云 and 马修真 and 宋恩哲},
  journal={哈尔滨工程大学学报},
  number={8},
  pages={11},
  year={2017}
}